@Manual{Handlebars,
  title =        {Handlebars},
  author =       {Handlebars},
  month =        may,
  year =         2023,
  note =         {\url{https://handlebarsjs.com/}}
}

@Manual{CSS,
  title =        {CSS},
  author =       {CSS},
  month =        may,
  year =         2023,
  note =         {\url{https://developer.mozilla.org/en-US/docs/Web/CSS}}
}

@Manual{HTML,
  title =        {HTML},
  author =       {HTML},
  month =        may,
  year =         2023,
  note =         {\url{https://developer.mozilla.org/en-US/docs/Web/HTML}}
}

@Manual{Javascript,
  title =        {Javascript},
  author =       {Javascript},
  month =        may,
  year =         2023,
  note =         {\url{https://developer.mozilla.org/en-US/docs/Web/JavaScript}}
}

@Manual{Node.js,
  title =        {NodeJS},
  author =       {NodeJS},
  month =        may,
  year =         2023,
  note =         {\url{https://nodejs.org/}}
}

@Manual{Express,
  title =        {Express},
  author =       {Express},
  month =        may,
  year =         2023,
  note =         {\url{https://expressjs.com/}}
}

@Manual{express-handlebars,
  title =        {express-handlebars},
  author =       {express-handlebars},
  month =        may,
  year =         2023,
  note =         {\url{https://www.npmjs.com/package/express-handlebars}}
}

@Manual{express-session,
  title =        {express-session},
  author =       {express-session},
  month =        may,
  year =         2023,
  note =         {\url{https://www.npmjs.com/package/express-session}}
}

@Manual{Eclass,
  title =        {Eclass},
  author =       {Eclass},
  month =        may,
  year =         2023,
  note =         {\url{https://eclass.upatras.gr/courses/EE767/}}
}

@Manual{MongoDB,
  title =        {MongoDB},
  author =       {MongoDB},
  month =        may,
  year =         2023,
  note =         {\url{https://www.mongodb.com/}}
}

@Manual{Mongoose,
  title =        {Mongoose},
  author =       {Mongoose},
  month =        may,
  year =         2023,
  note =         {\url{https://mongoosejs.com/}}
}

@Manual{Docker,
  title =        {Docker},
  author =       {Docker},
  month =        may,
  year =         2023,
  note =         {\url{https://www.docker.com/}}
}

@Manual{Mockaroo,
  title =        {Mockaroo},
  author =       {Mockaroo},
  month =        may,
  year =         2023,
  note =         {\url{https://mockaroo.com/}}
}

@Manual{Figma,
  title =        {Figma},
  author =       {Figma},
  month =        may,
  year =         2023,
  note =         {\url{https://www.figma.com/}}
}


@Manual{Git,
  title =        {Git},
  author =       {Git},
  month =        may,
  year =         2023,
  note =         {\url{https://git-scm.com/}}
}
